@article{grounding,
    author = "Jinkyu Kim, Teruhisa Misu, Yi-Ting Chen, Ashish Tawari, John Canny",
    title = "Grounding Human-to-Vehicle Advice for Self-driving Vehicles",
    journal = "IEEE/CVF Conference on Computer Vision and Pattern Recognition (CVPR)",
    year = "2019"
}

@article{textual,
    author = "Jinkyu Kim, Anna Rohrbach, Trevor Darrell, John Canny, and Zeynep Akata",
    title = "Textual Explanations for Self-Driving Vehicles",
    journal = "European Conference on Computer Vision(ECCV)",
    year = "2018"
}





@article{fu2023drive,
  title={Drive like a human: Rethinking autonomous driving with large language models},
  author={Fu, Daocheng and Li, Xin and Wen, Licheng and Dou, Min and Cai, Pinlong and Shi, Botian and Qiao, Yu},
  journal={arXiv preprint arXiv:2307.07162},
  year={2023}
}

@article{xu2023drivegpt4,
  title={Drivegpt4: Interpretable end-to-end autonomous driving via large language model},
  author={Xu, Zhenhua and Zhang, Yujia and Xie, Enze and Zhao, Zhen and Guo, Yong and Wong, Kenneth KY and Li, Zhenguo and Zhao, Hengshuang},
  journal={arXiv preprint arXiv:2310.01412},
  year={2023}
}

@article{wen2023dilu,
  title={Dilu: A knowledge-driven approach to autonomous driving with large language models},
  author={Wen, Licheng and Fu, Daocheng and Li, Xin and Cai, Xinyu and Ma, Tao and Cai, Pinlong and Dou, Min and Shi, Botian and He, Liang and Qiao, Yu},
  journal={arXiv preprint arXiv:2309.16292},
  year={2023}
}


@article{chen2023driving,
  title={Driving with llms: Fusing object-level vector modality for explainable autonomous driving},
  author={Chen, Long and Sinavski, Oleg and H{\"u}nermann, Jan and Karnsund, Alice and Willmott, Andrew James and Birch, Danny and Maund, Daniel and Shotton, Jamie},
  journal={arXiv preprint arXiv:2310.01957},
  year={2023}
}








@article{chen2023milestones,
  title={Milestones in autonomous driving and intelligent vehiclesâ€”part 1: Control, computing system design, communication, hd map, testing, and human behaviors},
  author={Chen, Long and Li, Yuchen and Huang, Chao and Xing, Yang and Tian, Daxin and Li, Li and Hu, Zhongxu and Teng, Siyu and Lv, Chen and Wang, Jinjun and others},
  journal={IEEE Transactions on Systems, Man, and Cybernetics: Systems},
  year={2023},
  publisher={IEEE}
}

@article{jiang2023mistral,
  title={Mistral 7B},
  author={Jiang, Albert Q and Sablayrolles, Alexandre and Mensch, Arthur and Bamford, Chris and Chaplot, Devendra Singh and Casas, Diego de las and Bressand, Florian and Lengyel, Gianna and Lample, Guillaume and Saulnier, Lucile and others},
  journal={arXiv preprint arXiv:2310.06825},
  year={2023}
}

@article{muller2005off,
  title={Off-road obstacle avoidance through end-to-end learning},
  author={Muller, Urs and Ben, Jan and Cosatto, Eric and Flepp, Beat and Cun, Yann},
  journal={Advances in neural information processing systems},
  volume={18},
  year={2005}
}

@article{arifin2022steering,
  title={Steering control in electric power steering autonomous vehicle using type-2 fuzzy logic control and PI control},
  author={Arifin, Bustanul and Suprapto, Bhakti Yudho and Prasetyowati, Sri Arttini Dwi and Nawawi, Zainuddin},
  journal={World electric vehicle journal},
  volume={13},
  number={3},
  pages={53},
  year={2022},
  publisher={MDPI}
}

@article{hu2023advances,
  title={Advances in Silicon-Based Integrated Lidar},
  author={Hu, Mingxuan and Pang, Yajun and Gao, Long},
  journal={Sensors},
  volume={23},
  number={13},
  pages={5920},
  year={2023},
  publisher={MDPI}
}

@article{pereira2016self,
  title={Self calibration of multiple LIDARs and cameras on autonomous vehicles},
  author={Pereira, Marcelo and Silva, David and Santos, Vitor and Dias, Paulo},
  journal={Robotics and Autonomous Systems},
  volume={83},
  pages={326--337},
  year={2016},
  publisher={Elsevier}
}

@article{bilik2019rise,
  title={The rise of radar for autonomous vehicles: Signal processing solutions and future research directions},
  author={Bilik, Igal and Longman, Oren and Villeval, Shahar and Tabrikian, Joseph},
  journal={IEEE signal processing Magazine},
  volume={36},
  number={5},
  pages={20--31},
  year={2019},
  publisher={IEEE}
}

@inproceedings{joubert2020developments,
  title={Developments in modern GNSS and its impact on autonomous vehicle architectures},
  author={Joubert, Niels and Reid, Tyler GR and Noble, Fergus},
  booktitle={2020 IEEE Intelligent Vehicles Symposium (IV)},
  pages={2029--2036},
  year={2020},
  organization={IEEE}
}

@article{radford2019language,
  title={Language models are unsupervised multitask learners},
  author={Radford, Alec and Wu, Jeffrey and Child, Rewon and Luan, David and Amodei, Dario and Sutskever, Ilya and others},
  journal={OpenAI blog},
  volume={1},
  number={8},
  pages={9},
  year={2019}
}

@inproceedings{bahrini2023chatgpt,
  title={ChatGPT: Applications, opportunities, and threats},
  author={Bahrini, Aram and Khamoshifar, Mohammadsadra and Abbasimehr, Hossein and Riggs, Robert J and Esmaeili, Maryam and Majdabadkohne, Rastin Mastali and Pasehvar, Morteza},
  booktitle={2023 Systems and Information Engineering Design Symposium (SIEDS)},
  pages={274--279},
  year={2023},
  organization={IEEE}
}

@article{touvron2023llama2,
  title={Llama 2: Open foundation and fine-tuned chat models},
  author={Touvron, Hugo and Martin, Louis and Stone, Kevin and Albert, Peter and Almahairi, Amjad and Babaei, Yasmine and Bashlykov, Nikolay and Batra, Soumya and Bhargava, Prajjwal and Bhosale, Shruti and others},
  journal={arXiv preprint arXiv:2307.09288},
  year={2023}
}

@article{touvron2023llama,
  title={Llama: Open and efficient foundation language models},
  author={Touvron, Hugo and Lavril, Thibaut and Izacard, Gautier and Martinet, Xavier and Lachaux, Marie-Anne and Lacroix, Timoth{\'e}e and Rozi{\`e}re, Baptiste and Goyal, Naman and Hambro, Eric and Azhar, Faisal and others},
  journal={arXiv preprint arXiv:2302.13971},
  year={2023}
}

@article{jin2023adapt,
  title={Adapt: Action-aware driving caption transformer},
  author={Jin, Bu and Liu, Xinyu and Zheng, Yupeng and Li, Pengfei and Zhao, Hao and Zhang, Tong and Zheng, Yuhang and Zhou, Guyue and Liu, Jingjing},
  journal={arXiv preprint arXiv:2302.00673},
  year={2023}
}


@inproceedings{hu2023planning,
  title={Planning-oriented autonomous driving},
  author={Hu, Yihan and Yang, Jiazhi and Chen, Li and Li, Keyu and Sima, Chonghao and Zhu, Xizhou and Chai, Siqi and Du, Senyao and Lin, Tianwei and Wang, Wenhai and others},
  booktitle={Proceedings of the IEEE/CVF Conference on Computer Vision and Pattern Recognition},
  pages={17853--17862},
  year={2023}
}